
@MISC{Svensson2017-av,
  title        = "Variance stabilizing {scRNA-seq} counts --- What do you mean
                  ``heterogeneity''?",
  booktitle    = "What do you mean ``heterogeneity''?",
  author       = "Svensson, Valentine",
  month        =  oct,
  year         =  2017,
  howpublished = "\url{https://www.nxn.se/valent/2017/10/15/variance-stabilizing-scrna-seq-counts}",
  note         = "Accessed: 2022-2-3",
  language     = "en"
}
